@article{Pathak2018Phys,
  title = {Model-Free Prediction of Large Spatiotemporally Chaotic Systems from Data: A Reservoir Computing Approach},
  author = {Pathak, Jaideep and Hunt, Brian and Girvan, Michelle and Lu, Zhixin and Ott, Edward},
  journal = {Phys. Rev. Lett.},
  volume = {120},
  issue = {2},
  pages = {024102},
  numpages = {5},
  year = {2018},
  month = {Jan},
  publisher = {American Physical Society},
  doi = {10.1103/PhysRevLett.120.024102},
  url = {https://link.aps.org/doi/10.1103/PhysRevLett.120.024102}
}

@article{Pathak2018Chaos,
author = {Pathak,Jaideep  and Wikner,Alexander  and Fussell,Rebeckah  and Chandra,Sarthak  and Hunt,Brian R.  and Girvan,Michelle  and Ott,Edward },
title = {Hybrid forecasting of chaotic processes: Using machine learning in conjunction with a knowledge-based model},
journal = {Chaos: An Interdisciplinary Journal of Nonlinear Science},
volume = {28},
number = {4},
pages = {041101},
year = {2018},
doi = {10.1063/1.5028373},
URL = {https://doi.org/10.1063/1.5028373},
eprint = {https://doi.org/10.1063/1.5028373}
}

@article{Ackley1985,
author = {Ackley, Dave and Hinton, GE and Sejnowski, Terrence},
year = {1985},
month = {01},
pages = {147-169},
title = {A Learning Algorithm for Boltzmann machines},
volume = {9},
journal = {Cognitive Science: A Multidisciplinary Journal},
doi = {10.1207/s15516709cog0901_7}
}

@article{Hopfield1985,
author = {Hopfield, John and Tank, D},
year = {1985},
month = {02},
pages = {141-52},
title = {Neural Computation of Decisions in Optimization Problems},
volume = {52},
journal = {Biological cybernetics},
doi = {10.1007/BF00339943}
}

@phdthesis{DallasDis,
 author={Dallas Smith},
 title={Network Specializations, Symmetries, and Spectral Properties},
 school={Brigham Young University},
 year=2018
 }
 
@phdthesis{Boden2001,
author = {Bodén, Mikael},
year = {2001},
month = {4},
title = {A Guide to Recurrent Neural Networks and Backpropagation},
school={Halmstad University, Halmstad, Sweden}
}

@article{Ott2018,
author = {Lu, Zhixin and Hunt, Brian and Ott, Edward},
year = {2018},
month = {06},
title = {Attractor Reconstruction by Machine Learning},
volume = {28},
journal = {Chaos: An Interdisciplinary Journal of Nonlinear Science},
doi = {10.1063/1.5039508}
}

@article{Jaeger2001,
author = {Jaeger, Herbert},
year = {2001},
month = {01},
pages = {},
title = {The" echo state" approach to analysing and training recurrent neural networks-with an erratum note'},
volume = {148},
journal = {Bonn, Germany: German National Research Center for Information Technology GMD Technical Report}
}

@article{Maass2002,
title={Real-time computing without stable states: a new framework for neural computation based on perturbations},
author={Maass W., Natschläger T. and Markram H.},
journal={Neural Computation},
volume={14},
year={2002},
pages={2531-2560}
}

@article{Tanaka2019,
title = "Recent advances in physical reservoir computing: A review",
journal = "Neural Networks",
volume = "115",
pages = "100 - 123",
year = "2019",
issn = "0893-6080",
doi = "https://doi.org/10.1016/j.neunet.2019.03.005",
url = "http://www.sciencedirect.com/science/article/pii/S0893608019300784",
author = "Gouhei Tanaka and Toshiyuki Yamane and Jean Benoit Héroux and Ryosho Nakane and Naoki Kanazawa and Seiji Takeda and Hidetoshi Numata and Daiju Nakano and Akira Hirose"
}

@article{Vlachas2020,
title = "Backpropagation algorithms and Reservoir Computing in Recurrent Neural Networks for the forecasting of complex spatiotemporal dynamics",
journal = "Neural Networks",
volume = "126",
pages = "191 - 217",
year = "2020",
issn = "0893-6080",
doi = "https://doi.org/10.1016/j.neunet.2020.02.016",
url = "http://www.sciencedirect.com/science/article/pii/S0893608020300708",
author = "P.R. Vlachas and J. Pathak and B.R. Hunt and T.P. Sapsis and M. Girvan and E. Ott and P. Koumoutsakos",
keywords = "Time series forecasting, RNN, LSTM, GRU, Reservoir Computing, Kuramoto–Sivashinsky, Lorenz-96, Complex systems"
}

@incollection{Fernando2003,
  author={Fernando C. and Sojakka S.},
  title={Pattern Recognition in a Bucket},
  editor= {Banzhaf W. and Ziegler J. and Christaller T. and Dittrich P. and Kim J.T.},
  booktitle= {Advances in Artificial Life. ECAL 2003. Lecture Notes in Computer Science},
  publisher= {Springer, Berlin, Heidelberg.},
  year={2003},
}

@ARTICLE{Bianchi2020,
author={F. M. Bianchi and S. Scardapane and S. Løkse and R. Jenssen},  journal={IEEE Transactions on Neural Networks and Learning Systems},   
title={Reservoir Computing Approaches for Representation and Classification of Multivariate Time Series},   
year={2020},  
pages={1-11},  
doi={10.1109/TNNLS.2020.3001377}
}

@ARTICLE{Rafayelyan2020,
author = {Rafayelyan, Mushegh and Dong, Jonathan and Tan, Yongqi and Krzakala, Florent and Gigan, Sylvain},
year = {2020},
month = {01},
title = {Large-Scale Optical Reservoir Computing for Spatiotemporal Chaotic Systems Prediction}
}

@article{Haluszczynski2019,
author = {Haluszczynski, Alexander and Räth, C.},
year = {2019},
month = {10},
pages = {103143},
title = {Good and bad predictions: Assessing and improving the replication of chaotic attractors by means of reservoir computing},
volume = {29},
journal = {Chaos: An Interdisciplinary Journal of Nonlinear Science},
doi = {10.1063/1.5118725}
}

@article{Griffith2019,
author = {Griffith, Aaron and Pomerance, Andrew and Gauthier, Daniel},
year = {2019},
month = {12},
pages = {123108},
title = {Forecasting chaotic systems with very low connectivity reservoir computers},
volume = {29},
journal = {Chaos: An Interdisciplinary Journal of Nonlinear Science},
doi = {10.1063/1.5120710}
}

@article{Pecora2019,
author = {Carroll, T. and Pecora, Louis},
year = {2019},
month = {08},
pages = {083130},
title = {Network structure effects in reservoir computers},
volume = {29},
journal = {Chaos: An Interdisciplinary Journal of Nonlinear Science},
doi = {10.1063/1.5097686}
}

@article{Kawai2019,
authors={Kawai Y, Park J, Asada M.},
title={A small-world topology enhances the echo state property and signal propagation in reservoir computing},
journal={Neural Networks},
year={2019},
 month={April},
 volume={112},
 pages={15-23}, 
doi = {10.1016/j.neunet.2019.01.002}
}

@inproceedings{Antonik2016,
author = {Piotr Antonik and Michiel Hermans and François Duport and Marc Haelterman and Serge Massar},
title = {Towards pattern generation and chaotic series prediction with photonic reservoir computers},
volume = {9732},
booktitle = {Real-time Measurements, Rogue Events, and Emerging Applications},
editor = {Bahram Jalali and Sergei K. Turitsyn and Daniel R. Solli and John M. Dudley},
organization = {International Society for Optics and Photonics},
publisher = {SPIE},
pages = {21 -- 32},
year = {2016},
doi = {10.1117/12.2210948},
URL = {https://doi.org/10.1117/12.2210948}
}
